@article{pitti2018the,
    year = {2018},
    month = {06},
    title = {The Devil in Silicon Valley},
    publisher = {Princeton University Press},
    author = {Stephen J Pitti}
}

@article{cohen2011braceros,
    year = {2011},
    title = {Braceros},
    publisher = {Univ of North Carolina Press},
    author = {Deborah Cohen}
}

@article{eisenberg2011san,
    url = {https://catcode.com/evergreen/hills_538.jpg},
    year = {2011},
    title = {San Jose Evergreen Area Yet another view of the hills},
    urldate = {2024-12-16},
    organization = {CatCode},
    author = {J. David Eisenberg}
}

@article{a2017sikh,
    url = {https://www.sanjose.org/attraction/sikh-gurdwara-sahib},
    year = {2017},
    title = {Sikh Gurdwara Sahib San Jose},
    publisher = {SanJose.org},
    organization = {Visit San Jose},
    author = {Visit San Jose}
}

@article{a2017montgomery,
    url = {https://www.sanjose.org/attraction/montgomery-hill-park},
    year = {2017},
    title = {Montgomery Hill Park San Jose},
    urldate = {2024-12-16},
    publisher = {SanJose.org},
    organization = {San Jose},
    author = {Visit San Jose}
}

@article{thetahoeguyevergreen,
    url = {https://kids.kiddle.co/images/5/51/Evergreen_Village_Square%2C_San_Jose_%28cropped1%29.jpg},
    title = {Evergreen Village Square in Evergreen San Jose},
    urldate = {2024-12-16},
    organization = {Flickr},
    author = {The Tahoe Guy}
}

@article{a2014sjeccd,
    url = {https://siegfriedeng.com/portfolio/san-jose-evergreen-community-college-district-entry-road-parking-lot/},
    year = {2014},
    title = {SJECCD, Evergreen Valley College Entry Road and Parking Lot â€“ Siegfried Engineering},
    urldate = {2024-12-16},
    organization = {Siegfriedeng.com},
    author = {Siegfried Engineering}
}

@article{cruz2024peninsula,
    url = {https://peninsula360press.com/en_us/emma-prusch-farm-park/},
    year = {2024},
    month = {03},
    title = {Peninsula 360 Press},
    urldate = {2024-12-16},
    organization = {Peninsula 360 Press},
    author = {Pamela Cruz}
}

@article{a2017foothill,
    url = {https://sunriseparks.specialdistrict.org/foothill-community-center},
    year = {2017},
    title = {Foothill Community Center},
    urldate = {2024-12-16},
    organization = {Sunrise Recreation and Park District},
    author = {Sunrise Parks}
}

