@book{anderson2013tending,
  author    = {Anderson, M. Kat},
  title     = {Tending the Wild: Native American Knowledge and the Management of California's Natural Resources},
  publisher = {University of California Press},
  year      = {2013},
}

@book{milliken1995time,
  author    = {Milliken, Randall},
  title     = {A Time of Little Choice: The Disintegration of Tribal Culture in the San Francisco Bay Area 1769-1810},
  publisher = {Ballena Press},
  year      = {1995},
}

@book{hurtado1988indian,
  author    = {Hurtado, Albert L.},
  title     = {Indian Survival on the California Frontier},
  publisher = {Yale University Press},
  year      = {1988},
}

@misc{cityofsj,
  author       = {City of San Jose},
  title        = {Evergreen-East Hills Development Policy},
  howpublished = {\url{https://www.sanjoseca.gov/home/showdocument?id=275}},
  note         = {Accessed October 15, 2023},
  year         = {2021},
}

@book{gudde1998california,
  author    = {Gudde, Erwin G.},
  title     = {California Place Names: The Origin and Etymology of Current Geographical Names},
  publisher = {University of California Press},
  year      = {1998},
}

@article{hohenthal1952california,
  author  = {Hohenthal, Helen},
  title   = {California's Spanish Place Names},
  journal = {Pacific Historical Review},
  volume  = {21},
  number  = {3},
  pages   = {253-265},
  year    = {1952},
}

@book{mckay2007santa,
  author    = {McKay, Leonard},
  title     = {Santa Clara County: Harvest of Change},
  publisher = {Windsor Publications},
  year      = {2007},
}

@misc{mirassou,
  author       = {Mirassou Winery},
  title        = {Our Legacy},
  howpublished = {\url{https://www.mirassou.com/legacy}},
  note         = {Accessed October 15, 2023},
}

@article{leccese2003lost,
  author  = {Leccese, Michael},
  title   = {Lost Landmarks of Silicon Valley},
  journal = {Preservation},
  volume  = {55},
  number  = {3},
  pages   = {24-31},
  year    = {2003},
}

@misc{evc,
  author       = {Evergreen Valley College},
  title        = {About EVC},
  howpublished = {\url{https://www.evc.edu/discover-evc/about-evc}},
  note         = {Accessed October 15, 2023},
}

@misc{sfgurdwara,
  author       = {Sikh Gurdwara San Jose},
  title        = {About Us},
  howpublished = {\url{https://www.sikhgurudwarasj.org/about-us}},
  note         = {Accessed October 15, 2023},
}

@misc{parks,
  author       = {City of San Jose Parks Recreation and Neighborhood Services},
  title        = {Trails and Bikeways},
  howpublished = {\url{https://www.sanjoseca.gov/your-government/departments/parks-recreation-neighborhood-services/outdoor-activities/trails}},
  note         = {Accessed October 15, 2023},
}

@misc{sjpl,
  author       = {San Jose Public Library},
  title        = {Evergreen Branch Library},
  howpublished = {\url{https://www.sjpl.org/evergreen}},
  note         = {Accessed October 15, 2023},
}
